@online{dataset_lib,
  author    = {Gerhard Reinelt},
  title     = {TSPLIB},
  year      = {2013},
  url       = {http://comopt.ifi.uni-heidelberg.de/software/TSPLIB95/},
  urldate   = {2023-12-08},
  organization = {Universität Heidelberg},
}

@online{brilliant_explanation,
  author    = {Chumbley, Alex and Moore, Karleigh and Wang, Tiffany and Ross, Eli},
  title     = {Traveling Salesperson Problem},
  year      = {2013},
  url       = {https://brilliant.org/wiki/traveling-salesperson-problem/},
  urldate   = {2023-12-08},
  organization = {Brilliant.org},
}

@inbook{Johnson2003,
  title = {8. The traveling salesman problem: a case study},
  url = {http://dx.doi.org/10.1515/9780691187563-011},
  DOI = {10.1515/9780691187563-011},
  booktitle = {Local Search in Combinatorial Optimization},
  publisher = {Princeton University Press},
  author = {Johnson,  David S. and McGeoch,  Lyle A.},
  year = {2003},
  month = dec,
  pages = {215–310},
  addendum  = {Also available at: \url{https://www.cs.ubc.ca/~hutter/previous-earg/EmpAlgReadingGroup/TSP-JohMcg97.pdf}}
}

@InCollection{cormen,
  author = {Thomas H. Cormen and Charles E. Leiserson and Ronald L. Rivest and Clifford Stein},
  title = {The traveling-salesman problem},
  booktitle = {Introduction to Algorithms},
  publisher = {MIT Press},
  year      = {2009},
  pages     = {1111-1117},
  chapter   = {35.2},
  edition   = {3rd},
  isbn      = {978-0262533058}
}

@misc{sbc_template_overleaf,
  title        = {SBC Conferences Template},
  howpublished = {Overleaf},
  url          = {https://www.overleaf.com/latex/templates/sbc-conferences-template/blbxwjwzdngr},
  note         = {Accessed: 2023-12-08}
}

@online{reducible_explanation,
  author       = {Reducible},
  title        = {The Traveling Salesman Problem: When Good Enough Beats Perfect},
  date         = {2021},
  url          = {https://www.youtube.com/watch?v=GiDsjIBOVoA},
  urldate      = {2023-12-09}
}

@online{christofides_explanation,
  author       = {SaucelessGiuseppe},
  title        = {Christofide's Algorithm},
  date         = {2021},
  url          = {https://www.youtube.com/watch?v=dNCwtFJLsKI},
  urldate      = {2023-12-09}
}

@online{networkx_docs,
  author       = {NetworkX Developers},
  title        = {NetworkX Documentation},
  year         = {2023},
  url          = {https://networkx.github.io/documentation/latest/index.html},
  urldate      = {2023-12-07},
  note         = {NetworkX official documentation}
}

@online{slidesjussara,
  author      = {Jussara Marques de Almeida},
  title       = {Graphs: Minimum Spanning Tree},
  year        = {2022},
  note        = {PowerPoint slides},
  howpublished = {DCC206 - Algorítmos 1},
  organization = {Universidade Federal de Minas Gerais},
}